@BOOK{hartshorne-residues-and-duality,
  author = {Hartshorne, Robin},
  title = {Residues and duality},
  year = {1966},
  series = {Lecture Notes in Mathematics},
  number = {20},
  publisher = {Springer-Verlag},
  pages = {423},
}

@BOOK{hartshorne-algebraic-geometry,
  author = {Hartshorne, Robin},
  title = {Algebraic geometry},
  year = {1977},
  series = {Graduate Texts in Mathematics},
  number = {52},
  publisher = {Springer},
  isbn = {978-0-387-90244-9},
  pages = {xvi+496},
}

@BOOK{serre-groupes-algebriques-et-corps-de-classes,
  title = {Groupes alg\'ebriques et corps de classes},
  author = {Serre, Jean-Pierre},
  isbn={978-2-705-61264-1},
  series = {Publications de l'Institut de Math\'ematique de l'Universit\'e de Nancago},
  year = {1975},
  publisher = {Hermann}
}

